<?xml version="1.0" encoding="UTF-8"?><collection xmlns="http://www.loc.gov/MARC21/slim"><record><leader>00430nam--2200121-i-4500</leader><controlfield tag="001">000006288</controlfield><controlfield tag="002">20161230</controlfield><controlfield tag="005">20161230201026</controlfield><controlfield tag="008">060222s1000------------r-----000-0-eng-d</controlfield><datafield ind1=" " ind2=" " tag="080"><subfield code="a">696</subfield></datafield><datafield ind1=" " ind2=" " tag="245"><subfield code="a">Catalog de preturi unitare pe articole de devi z. (provizorii). pentru lucrari de instalatii de distributie a gazelor. gd-1963. aprobat de cscas cu ordinul nr.384 din august 1962</subfield></datafield><datafield ind1=" " ind2=" " tag="260"><subfield code="a">Bucuresti, Cscas, 1962. 31 P</subfield></datafield><datafield ind1=" " ind2=" " tag="852"><subfield code="a">8782</subfield></datafield></record></collection>